@MISC{lim:2007,
  author = {Lim, Lian Tze},
  title = {Writing Your Thesis with {\LaTeX}},
  howpublished = {Internal circulation, School of Computer Sciences, Universiti Sains
  Malaysia.},
  year = {2007}
}

@BOOK{latex:companion,
  title = {The {\LaTeX} Companion},
  publisher = {Addison-Wesley},
  year = {2004},
  author = {Frank Mittelbach and Michel Goossens and Johannes Braams and David
  Carlisle and Chris Rowley},
  series = {Addison-Wesley Series on Tools and Techniques for Computer Typesetting},
  address = {Boston, MA, USA},
  edition = {2nd}
}

@MANUAL{lshort,
  title = {The Not So Short Introduction to {\LaTeXe}},
  author = {Tobias Oetiker and Hubert Partl and Irene Hyna and Elisabeth Schlegl},
  edition = {4.2},
  year = {2006}
}

@MISC{roberts,
  author = {Andrew Roberts},
  title = {Getting to Grips with {\LaTeX}},
  year = {2005},
  url = {http://www.andy-roberts.net/misc/latex/index.html}
}


@BOOK{cgs:thesis:guideline:2017,
  author = {{Centre for Graduate Studies, Universiti Malaysia Perlis}},
  title = {UniMAP Thesis Guidelines 2017},
  key = {CGS UniMAP},
  year = {2017},
  address = {Perlis, Malaysia}
}

@MISC{lim:latextypesetting,
  author = {Lim, Lian Tze},
  title = {{\LaTeX}: Beautiful Typesetting},
  year = {2007},
  month = {Dec},
  url = {http://liantze.penguinattack.org/latextypesetting.html}
}

@MISC{matsom:template,
	author = {Mat Som, Mohd Hanafi},
	title = {{\LaTeX} Template for {CGS} and {FYP} Thesis},
	year = {2019},
	month = {Sept},
	url = {http://mohdhanafi.unimap.edu.my/template}
}

@MISC{ieee,
	author = {Michael Shell},
	title = {How to Use the {IEEE}tran {BIB}{\TeX} Style},
	year = {2002},
	url = {ftp://tug.ctan.org/pub/tex-archive/macros/latex/contrib/IEEEtran/bibtex/IEEEtran_bst_HOWTO.pdf}
}

@article{othman2019effect,
	title={The effect of leg length inequality on joint contact forces of lower limbs during walking.},
	author={Othman, Nurul Fazreena and Basaruddin, Khairul Salleh and Mat Som, Mohd Hanafi and Abdul Majid, Mohd Shukry and Sulaiman, Abdul Razak},
	journal={Acta of Bioengineering \& Biomechanics},
	volume={21},
	number={1},
	year={2019}
}

@inproceedings{wanna2018fracture,
	title={Fracture risk prediction on children with Osteogenesis Imperfecta subjected to loads under activity of daily living},
	author={Wanna, Saw Boh Chai and Basaruddin, Khairul Salleh and {Mat Som}, Mohd Hanafi and Sulaiman, Abdul Razak and Awang, Mohd Shukrimi and Mohammad Khan, Shah Fenner Khan and Abdul Majid, Mohd Shukry and {Mohd Jamir}, Mohd Ridzuan},
	booktitle={IOP Conference Series: Materials Science and Engineering},
	volume={429},
	number={1},
	pages={012004},
	year={2018},
}